4414 5468
888 241 1123 316 -.29-

548 415 663 495 Αάτάρ
684 412 757 478 ἐπεὶ
780 415 927 495 Τιτῆνας
947 411 1009 476 ἀπ’
1033 411 1182 495 οὐρανοῦ
1201 408 1339 493 ἐξέλασε
1361 409 1465 491 Ζευς,

474 529 657 595 ὁπλότατον
676 529 748 592 τέκε
767 523 873 592 παῖδα
897 527 1047 607 Τυφωέα
1066 526 1157 590 Γαῖα
1175 523 1327 606 πελώρη,

473 645 656 726 Ταρτάρου
676 645 710 707 ἐν
730 642 887 724 φιλότητι
905 638 962 705 διά
982 640 1135 726 χρυσέην
1154 636 1362 720 Ἀφροδίτην.

471 754 512 823 οῦ
532 762 648 844 χεῖρες
669 759 732 842 μὲν
750 758 846 821 ἔασιν
865 755 919 819 ἐπ’
941 753 1043 839 ἶσχῦῖ
1061 751 1200 839 ἔργματ’
1222 754 1367 838 ἔχουσαι

471 874 529 938 καὶ
547 870 649 951 πόδες
669 869 841 956 ἀκάματοι
859 872 1027 953 κρατεροῦ
1045 871 1145 934 θεοῦ·
1166 869 1204 932 ἐκ
1225 864 1261 931 δέ
1281 872 1315 931 ο“ι
1338 866 1438 949 ἀμων

471 984 512 1069 ἦν
532 987 650 1053 ἑκατόν
669 983 819 1066 κεφαλαὶ
838 983 957 1064 ὄφιος,
977 981 1099 1048 δεινοῖο
1119 980 1322 1065 δράκοντος,

472 1103 643 1186 γλώσσῃσι
663 1098 851 1183 δνοφερῇσι
870 1096 1103 1183 λελειχμότες·
1123 1099 1162 1161 έκ
1181 1096 1216 1162 δέ
1236 1100 1270 1162 οὶ
1289 1095 1403 1162 ὅσσων

470 1216 655 1299 θεσπεσῦῇς
676 1216 865 1298 κεφαλῇσιν
887 1212 948 1277 ἀπ’
970 1210 1102 1294 όφρῦσι
1121 1212 1190 1293 πῦρ
1211 1209 1427 1295 ἀμάρυσσεν·

472 1332 621 1410 [πασέων
640 1327 673 1393 δ’
696 1332 734 1393 ἐκ
753 1328 929 1408 κεφαλέων
947 1328 1017 1407 πῦρ
1038 1325 1149 1391 καίετο
1169 1322 1411 1408 δερκομένοιο]

470 1446 586 1524 φωναὶ
606 1442 637 1507 δ’
658 1446 694 1508 έν
711 1443 863 1526 πάσῃσιν
881 1444 963 1506 ἔσαν
982 1439 1095 1525 δεινῇς
1115 1441 1305 1522 κεφαλῇσιν

473 1559 633 1640 παντοίην
652 1556 710 1624 ἀπ’
732 1560 850 1632 ἱεῖσαι,
870 1556 1080 1636 ἀθέσφατον·
1102 1553 1222 1620 ἄλλοτε
1240 1554 1303 1634 μὲν
1322 1554 1387 1636 γάρ

474 1673 671 1756 φθέγγονθ’,
691 1669 776 1737 ὥστε
795 1673 908 1737 θεοῖσι
928 1670 1100 1754 συνιέμεν·
1120 1666 1239 1735 άλλοτε
1259 1665 1289 1731 δ’
1311 1662 1391 1734 αὖτε

471 1788 599 1869 ταῦρον
619 1786 828 1872 ἐριβρύχεω,
847 1786 949 1869 μένος
969 1783 1132 1870 ἀσχέτου,
1151 1782 1260 1849 δ’σσαν
1279 1782 1446 1865 ἀγαύρου,

469 1901 591 1967 ἀλλοτε
610 1896 647 1964 δ’
671 1894 752 1965 αῦτε
772 1900 905 1978 λέοντος
926 1896 1066 1964 ἀναιδέα
1085 1899 1198 1982 θυμὸν
1218 1899 1371 1983 ἔχοντος,

470 2016 589 2079 ἀλλοτε
609 2012 641 2079 δ’
661 2009 708 2080 αὖ
730 2012 958 2079 σκυλάκεσσιν
978 2012 1128 2087 ἐοικότα,
1146 2012 1302 2098 θαύματ’
1322 2012 1485 2077 ἀκοῦσαι·

466 2130 585 2194 ἀλλοτε
605 2128 637 2191 δ’
658 2120 705 2194 αὖ
724 2127 890 2214 ρολζεσχ,
908 2128 975 2195 ὑπὸ
995 2125 1026 2191 δ’
1048 2127 1153 2214 ἤχεεν
1170 2127 1276 2211 οὔρεα
1291 2126 1418 2211 μακρά.

472 2244 530 2307 κατ’
550 2243 591 2309 νῦ
612 2266 668 2307 κεν
688 2244 803 2308 ἔπλετο
822 2244 921 2327 ἔργον
938 2241 1120 2328 ἀμήχανον
1137 2242 1243 2327 ἤματι
1262 2241 1376 2324 κείνῳ,

469 2357 527 2421 καί
547 2379 604 2422 κεν
622 2353 678 2439 ὅγε
698 2358 854 2441 θνητοῖσι
874 2357 934 2421 καὶ
953 2354 1175 2422 ἀθανάτοισιν
1195 2353 1334 2438 άναξεν,

473 2476 502 2535 εὶ
521 2473 569 2554 μη
591 2470 650 2554 ἀρ’
671 2467 735 2553 όξά
756 2472 857 2552 νόησε
878 2471 990 2556 πατὴρ
1011 2468 1144 2553 ἀνδρῶν
1164 2494 1197 2536 τε
1215 2472 1305 2534 θεῶν
1325 2493 1367 2568 τε.

470 2586 623 2669 σκληρόν
641 2583 672 2648 δ’
694 2585 875 2669 ἐβρόντησε
896 2587 956 2650 καὶ
973 2585 1137 2670 ὄβριμον,
1157 2584 1250 2669 ἀμφὶ
1269 2582 1305 2648 δε“
1325 2586 1405 2668 γαῖα

469 2699 677 2783 σμερδαλέον
698 2698 867 2782 κονάβησε
887 2700 946 2764 καὶ
965 2698 1112 2783 οὐρανὸς
1132 2700 1236 2782 εῦρῦς
1258 2696 1419 2783 ῦπερθεν,

470 2814 592 2893 πόντος
612 2813 641 2876 τ’
661 2814 822 2878 Ὠκεανοῦ
842 2836 877 2878 τε
895 2814 977 2895 ῥοαὶ
996 2815 1055 2879 καὶ
1079 2813 1244 2897 Τάρταρα
1264 2814 1381 2897 γαίης,

468 2927 574 2991 ποσσὶ
593 2925 624 2989 δ’
647 2928 706 2992 ἀπ’
727 2926 933 2993 ἀθανάτοισι
951 2929 1057 3013 μέγας
1077 2926 1264 3009 πελεμίζετ’
1277 2928 1451 3011 Ὄλυμπος

469 3043 669 3126 ὀρνυμένοιο
687 3041 851 3119 άνακτος·
872 3040 1110 3125 ὑπεστενάχιζε
1130 3041 1167 3104 δέ
1186 3043 1275 3124 γαῖα.

469 3156 586 3237 καῦμα
606 3152 638 3217 δ’
661 3154 721 3218 ὑπ’
744 3153 948 3237 ἀμφοτέρων
968 3152 1111 3238 κάτεχεν
1130 3151 1253 3219 ἰοειδέα
1272 3153 1394 3222 πόντον

468 3272 612 3351 βροντης
632 3289 665 3332 τε
686 3269 854 3352 στεροπῆς
876 3290 910 3333 τε
928 3266 1040 3351 πυρός
1059 3267 1088 3331 τ’
1110 3268 1177 3333 ἀπὸ
1199 3270 1268 3335 τοῖο
1288 3268 1454 3349 πελώρου.

466 3383 672 3466 πρηστήρων
692 3381 824 3467 ἀνέμων
843 3404 877 3447 τε
896 3387 1064 3466 κεραυνοῦ
1083 3406 1116 3448 τε
1137 3385 1372 3470 φλεγέθοντος.

467 3495 533 3576 ἔζεε
553 3495 589 3560 δὲ
609 3497 708 3581 χθών
726 3498 822 3561 πάσα
842 3496 901 3560 καὶ
920 3495 1067 3579 οὐρανὸς
1087 3494 1147 3580 ἡδὲ
1167 3497 1347 3564 θάλασσα·

465 3612 528 3675 θῦε
548 3608 581 3674 δ’
602 3609 661 3693 ἀρ’
682 3610 773 3695 ἀμφ’
795 3610 901 3690 ἀκτάς
921 3611 1001 3693 περὶ
1020 3611 1049 3673 τ’
1070 3611 1162 3697 ἀμφί
1183 3635 1216 3677 τε
1235 3612 1369 3699 κύματα
1389 3615 1506 3697 μακρά

466 3725 552 3807 ῥιπῇ
571 3721 635 3788 ὕπ’
657 3724 850 3799 ἀθανάτων,
870 3726 982 3803 ἔνοσις
1003 3722 1036 3787 δ’
1057 3725 1223 3807 ἄσβεστος
1242 3727 1375 3811 ὀρώρει·

238 3986 427 4055 λελειχμότος
446 3989 567 4038 ememus.
585 3999 618 4036 m.
646 3990 684 4038 M.
698 4001 723 4049 ρ.
745 3986 807 4037 184.
828 3986 972 4037 mmm.
1011 3989 1041 4041 έν
1062 3991 1093 4043 δέ
1112 3995 1142 4042 οἱ
1161 3992 1250 4043 Herm.
1302 3992 1367 4043 828.
1417 3996 1536 4045 πακτοῦν
1566 3994 1640 4057 (sic)
1667 3999 1701 4046 εἰ.
1729 4000 1766 4047 Μ.

241 4097 265 4142 ρ.
284 4082 343 4130 117.
388 4081 453 4130 888.
481 4079 626 4144 δεινατςι.
667 4078 733 4129 880.
756 4082 897 4132 παντοὶαν
918 4088 936 4132 λ.
963 4074 1018 4146 ἀφ’
1041 4086 1130 4136 ἱεῖσαι
1148 4086 1207 4135 Par.
1228 4084 1251 4136 1.
1269 4087 1390 4137 Dlndorf.
1409 4089 1445 4137 Μ.
1464 4102 1490 4151 ρ.
1510 4086 1572 4137 187.
1618 4089 1683 4139 888.
1705 4089 1765 4161 ἐρι-

240 4173 356 4245 βρόχεω
375 4172 450 4235 (εἰσ)
463 4174 553 4240 με’νος
572 4167 698 4234 ἄσχετον
716 4174 750 4222 ιλ.
767 4171 930 4246 ἐριβρύχεω
946 4177 1036 4241 μένος
1052 4172 1213 4239 δίσχετονίΊ
1250 4179 1315 4229 888.
1335 4175 1471 4252 ρὀέζασχ“
1490 4184 1538 4232 nit.
1573 4182 1638 4230 888.
1658 4177 1766 4254 ὄμβρι-

241 4283 300 4332 μον
318 4281 344 4329 ς.
387 4265 452 4315 848.
481 4263 681 4330 ἐπεστενάχιζε
699 4268 747 4317 alt.
792 4265 858 4316 848.
891 4265 983 4337 πυρὸς
999 4265 1058 4322 ἀπὸ
1074 4272 1122 4320 alt.
1144 4270 1217 4335 (sic)
1243 4266 1284 4331 (τ’
1306 4274 1422 4323 inseruit
1441 4275 1557 4325 θοιειειι
1575 4278 1668 4338 stoque
1696 4275 1767 4326 θεε-

247 4346 416 4410 εεῠε.Ῥεε1ι.
435 4359 473 4415 1.)
508 4357 573 4407 848.
610 4359 785 4432 πρηστήρων
802 4356 830 4411 τ’
848 4373 881 4410 m.
899 4366 965 4419 (non
984 4364 1064 4426 ελῐς.)
1081 4364 1210 4432 βροντῆς
1227 4380 1257 4416 τε
1275 4364 1422 4438 στεροπῆς
1437 4382 1469 4419 τε
1486 4366 1630 4435 κεραόνου
1649 4385 1679 4420 τε
1698 4369 1768 4432 φλι-

248 4453 401 4516 γέθοντσς,
421 4450 594 4524 πρηστήρων
611 4448 727 4518 ἀνέμων
744 4467 776 4504 τε
793 4450 885 4525 πυρὸς
902 4449 960 4506 ἀπὸ
980 4462 1043 4507 τοῖο
1062 4456 1194 4528 πελώρου
1211 4461 1280 4508 coni.
1305 4460 1341 4508 11.
1360 4472 1385 4521 ρ.
1405 4457 1466 4508 188.
1513 4458 1578 4509 847.
1609 4456 1668 4526 ῗζεε
1697 4465 1765 4533 πυρὶ

240 4542 320 4605 χθῶν
341 4547 409 4604 (εἰσ)
428 4543 507 4596 πᾶσα
524 4551 543 4595 τ.
562 4549 629 4604 (σου
647 4546 697 4603 ελ)
739 4543 804 4595 848.
830 4542 909 4611 ἀμφὶ
929 4546 1045 4615 κύματα
1062 4552 1096 4599 εί.
