4414 5468
897 297 1104 370 ..3.-

467 468 571 536 όσσον
591 469 755 552 φέρτατός
775 471 845 534 ἐστι
863 470 952 532 θεῶν
971 465 1089 549 κράτεί
1106 488 1140 530 τε
1158 467 1324 551 μέγιστος.

469 577 567 663 αὖτις
588 580 619 646 δ’
640 582 829 666 ἀνθρώπων
846 605 881 647 τε
899 582 993 666 γένος
1014 585 1184 663 κρατερῶν
1202 603 1236 645 τε
1255 580 1422 664 Γιγάντων

472 699 639 783 ύμνεύσαι
656 699 817 780 τέρπουσι
837 698 918 777 Διός
938 697 1015 764 νόον
1034 695 1126 774 ένιός
1143 694 1313 778 Ὀλύμπου

475 813 623 877 Μούσαι
639 809 875 897 Ὀλυμπιάδες,
894 814 1019 891 κοῦραι
1037 810 1120 888 Διός
1140 807 1319 893 αἰγιόχοιο·

455 974 458 983 .
474 928 532 1005 τὰς
551 929 586 990 έν
604 925 731 1010 Πτερίη
753 922 908 1009 Κρονίδη
927 925 998 989 τέκε
1016 923 1120 1006 πατρί
1138 925 1273 1008 μιγεῖσα

473 1040 709 1124 Μνημοσύνη,
725 1042 893 1124 γουνοῖσιν
908 1039 1118 1122 Ἐλευθῆρος
1138 1035 1321 1120 μεδέουσα,

473 1155 689 1238 λησμοσύνην
708 1176 741 1219 τε
760 1156 874 1219 κακῶν
892 1150 1063 1237 ἀμπαυμό
1085 1173 1119 1218 τε
1137 1150 1355 1236 μερμηράων.

473 1272 565 1335 ἐννέα
584 1269 647 1352 γάρ
669 1273 703 1335 οἰ
722 1267 844 1348 νύκτας
863 1267 1014 1351 ἐμίσγετο
1032 1267 1171 1350 μητίετα
1190 1265 1280 1344 Ζεύς

475 1384 596 1465 νόσφιν
614 1383 670 1448 ἀπ’
691 1383 869 1448 ἀθανάτων
888 1382 980 1463 ἰερόν
998 1382 1101 1467 λέχος
1128 1379 1384 1461 εἰσαναβαίνων·

472 1497 543 1560 ἀλλ’
565 1497 619 1563 ὅτε
640 1496 681 1581 δή
702 1497 737 1580 β’
761 1496 913 1576 ἐνιαυτός
932 1496 1006 1577 ἔην,
1024 1496 1103 1578 περὶ
1121 1493 1153 1559 δ’
1174 1495 1320 1579 ἔτραπον
1334 1487 1422 1577 ῶραι

474 1614 587 1694 μηνῶν
604 1610 805 1691 φθινόντων,
825 1610 905 1693 περὶ
927 1609 959 1674 δ’
984 1609 1097 1694 ἤματα
1116 1609 1208 1675 πόλλ’
1227 1609 1402 1690 ἐτελέσθη,

474 1727 496 1808 ή
522 1724 553 1788 δ’
583 1724 661 1790 ἔτεκ’
685 1725 779 1790 ἐννέα
802 1727 932 1807 κούρας
954 1722 1170 1808 ὁμόφρονας,
1185 1714 1267 1806 ήσιν
1290 1719 1390 1804 ἀοιδή

475 1842 657 1924 μέμβλεται
677 1841 712 1904 έν
731 1839 913 1922 στήθεσσιν
934 1834 1062 1918 ἀκηδέα
1078 1837 1192 1921 θυμόν
1210 1836 1393 1922 ἐχούσαις,

471 1956 590 2020 τυτθόν
607 1952 663 2017 ἀπ’
688 1952 876 2034 ἀκροτάτης
893 1945 1051 2035 κορυφῆς
1070 1951 1245 2032 νιφόεντος
1269 1949 1451 2031 Ὀλύμπου,

472 2070 554 2131 ἔνθα
579 2066 644 2147 οφί
660 2067 801 2150 λιπαροί
818 2088 852 2131 τε
870 2066 973 2151 χοροί
993 2066 1052 2131 καὶ
1073 2063 1210 2150 δώματα
1230 2064 1328 2129 καλό·

476 2183 545 2262 πὰρ
567 2178 597 2243 δ’
619 2181 724 2264 αὐτῇς
743 2179 890 2263 Χόριτές
910 2202 945 2245 τε
964 2180 1023 2244 καί
1034 2176 1166 2263 Ἵμερος
1185 2178 1264 2244 οἰκί’
1284 2181 1438 2263 ἔχουσιν,

476 2300 511 2360 ἐν
528 2296 662 2378 θαλίης·
683 2295 806 2377 ἐρατὴν
824 2293 861 2359 δὲ
880 2292 936 2359 διὰ
957 2293 1064 2378 στόμα
1091 2294 1200 2359 όσσαν
1220 2293 1338 2368 ἰεῖσαι,

475 2412 657 2494 μέλπονται
674 2408 808 2473 πάντων
825 2431 859 2474 τε
878 2407 1006 2493 νόμους
1027 2406 1085 2472 καὶ
1102 2408 1192 2492 η”θεα
1212 2404 1313 2473 κεδνά

477 2525 654 2589 ἀθανάτων
672 2524 858 2599 κλείουσιν,
877 2524 1045 2608 ἐπήρατον
1063 2522 1173 2589 ὄσσαν
1192 2523 1306 2586 ἰεῖσαι.
1336 2520 1339 2529 ’

478 2645 517 2703 αϊ
536 2638 596 2705 τότ’
618 2639 697 2703 ίσαν
714 2638 803 2719 πρὸς
815 2638 989 2722 Ὄλυμπον
1006 2636 1232 2720 ἀγαλλόμεναι
1251 2636 1310 2701 όπὶ
1329 2637 1427 2720 καλῇ,

476 2753 646 2836 ἀμβροσίη
664 2754 788 2837 μολπή·
808 2752 888 2834 περὶ
906 2749 938 2815 δ’
962 2753 1042 2834 ἴαχε
1060 2752 1138 2835 γαῖα
1158 2750 1301 2832 μέλαινα

475 2864 684 2950 ὑμνεύσαις,
703 2866 823 2948 έρατός
842 2863 880 2929 δὲ
898 2863 1012 2930 ποδῶν
1030 2861 1097 2929 ὕπο
1116 2860 1243 2941 δοῦπος
1263 2862 1411 2946 όρῶρει,
1584 2871 1620 2927 ῖθ

474 2981 678 3062 νισσομένων
696 2979 818 3061 πατέρ’
841 2981 890 3058 εἰς
912 2976 959 3046 ὅν·
980 2979 998 3044 ό
1019 2976 1051 3042 δ’
1072 2975 1206 3059 οὐρανῷ
1225 2978 1458 3059 ἐμβασιλεύει,

474 3094 575 3173 αὐτὸς
595 3096 684 3178 ἔχων
700 3096 843 3176 βροντήν
862 3092 916 3173 ἡδ’
937 3091 1139 3157 αἰθαλόεντα
1159 3091 1344 3172 κεραυνόν,

478 3206 594 3289 κάρτεί
613 3207 755 3292 νικήσας
773 3206 904 3288 πατέρα
920 3204 1065 3287 Κρόνον
1085 3198 1124 3271 εύ
1143 3202 1180 3268 δέ
1199 3201 1325 3268 έκαοτα

479 3320 662 3401 ἀθανάτοις
681 3317 830 3404 διέταξεν
848 3313 943 3403 ὁμῶς
963 3318 1021 3384 καί
1039 3317 1194 3403 πέφραδε
1213 3318 1325 3404 τιμάς.

555 3436 656 3501 Ταῦτ’
678 3434 749 3519 ἀρα
768 3436 915 3501 Μοῦσαι
933 3431 1047 3500 ἄειδον
1063 3433 1227 3518 Ὀλύμπια
1244 3432 1365 3517 δώματ’
1385 3434 1536 3517 ἔχουσαι,
1579 3440 1614 3498 75

478 3551 571 3614 ἐννέα
589 3551 771 3634 θυγατέρες
790 3547 938 3634 μεγάλου
957 3550 1039 3628 Διὸς
1059 3550 1265 3632 ἐκγεγαυῖαι,

479 3663 592 3727 Κλειώ
613 3664 636 3726 τ’
657 3662 813 3747 Εὐτέρπη
832 3687 867 3730 τε
887 3663 1012 3729 θόλειό
1031 3685 1065 3728 τε
1084 3663 1295 3747 Μελπομένη
1314 3686 1348 3726 τε

477 3776 682 3861 Τερψιχόρη
702 3776 724 3841 τ’
742 3777 873 3861 Ἐρατώ
893 3801 927 3842 τε
947 3776 1127 3862 Πολύμνιά
1146 3778 1170 3841 τ’
1192 3778 1343 3860 Οὐρανίη
1368 3800 1401 3841 τε

317 4050 362 4099 49.
388 4047 501 4101 Τόσσοι
524 4063 549 4099 α
578 4050 720 4120 φέρτερος
742 4052 760 4098 l.
788 4052 855 4107 (non
881 4051 930 4105 εἰ.)
984 4047 1030 4099 ⁵0.
1057 4043 1142 4113 αὖθις
1166 4063 1229 4101 τοι·
1245 4056 1312 4109 (non
1336 4049 1380 4111 it.)
1430 4048 1476 4095 δῦ.
1504 4047 1675 4116 λησμοσόνη
1701 4050 1765 4101 cod.

253 4145 350 4195 Μεόλα
366 4146 402 4194 Μ.
420 4157 445 4205 ιι.
462 4141 525 4193 201.
552 4140 710 4214 μεμηράων
725 4144 743 4192 i.
785 4142 831 4192 56.
856 4143 977 4208 μητιέτα
993 4145 1028 4191 ai.
1045 4146 1112 4201 (non
1129 4145 1162 4199 t.)
1205 4143 1251 4191 58.
1276 4141 1311 4209 δή
1330 4140 1359 4215 ῥ
1377 4137 1430 4208 ἔην
1446 4139 1578 4205 ἐνιαυτός
1593 4145 1612 4191 i.
1634 4147 1701 4201 (non
1715 4150 1766 4199 nt.)

249 4239 295 4287 58.
323 4235 477 4303 ἐτελέσθην
491 4249 515 4285 ο.
562 4236 607 4285 60.
631 4231 742 4289 έτεκελ
786 4235 829 4285 ssl.
853 4234 1036 4301 μέλλεταιιιλ
1064 4235 1175 4301 μέμηλέ
1192 4231 1214 4286 τ’
1241 4234 1274 4286 -έν
1289 4241 1308 4286 t.
1357 4235 1402 4284 08.
1423 4229 1494 4287 ἔνθα
1513 4236 1580 4298 σφί]
1606 4234 1672 4286 (λοό.
1692 4238 1766 4287 Bodl.

248 4336 285 4382 Μ
306 4345 333 4394 ρ.
349 4328 414 4379 m
435 4324 509 4382 ἔνθα
523 4347 595 4393 σφιν
610 4332 675 4393 aitg.
720 4327 764 4376 04.
789 4326 915 4399 Χάριτες
931 4328 981 4378 καί
1003 4331 1049 4377 υἰέ.
1088 4327 1131 4375 65.
1149 4324 1267 4394 στόματ’
1282 4341 1309 4391 g.
1344 4327 1389 4376 θα.
1408 4324 1522 4394 νομούς
1536 4333 1554 4378 t.
1590 4328 1634 4377 ⁰7.
1652 4329 1767 4382 κλείου-

249 4442 301 4476 σαι
324 4425 404 4475 Ταατ.
424 4426 500 4486 prob.
517 4425 606 4474 Hem
623 4420 679 4472 Οτι.
700 4424 736 4472 Μ.
754 4436 781 4485 p.
797 4421 863 4470 242.
908 4423 952 4470 08.
981 4416 1038 4487 ὀπῆ
1059 4423 1076 4468 i.
1118 4420 1163 4468 69.
1183 4416 1222 4471 δι’
1245 4414 1299 4483 ἄχτ
1319 4423 1336 4469 Ι.
1363 4416 1390 4470 δ’
1414 4418 1496 4484 οἰαχε
1512 4425 1530 4470 ί.
1574 4420 1620 4470 70.
1641 4418 1698 4473 ότό
1719 4425 1767 4472 ait.

252 4518 295 4568 71.
314 4517 542 4584 νυσσομένωνλ.
567 4515 763 4582 νεισσομέυων
779 4528 812 4565 m.
832 4511 960 4585 οὐρανόν
976 4516 993 4564 i.
1013 4519 1079 4573 (non
1097 4516 1148 4571 εἰ.)
1175 4512 1368 4579 ἐμβασιλεύει
1386 4514 1453 4573 (εἰσ)
1469 4526 1494 4562 π
1538 4511 1583 4563 72.
1602 4513 1732 4587 βρόντην
1744 4520 1766 4565 ί.

253 4609 299 4658 74.
326 4607 484 4672 ἀθανάτοις
501 4612 518 4658 λ.
536 4608 676 4681 πέφραδε]
703 4607 871 4670 Theophilus.
893 4608 928 4657 Μ.
949 4622 973 4669 ρ.
994 4609 1059 4657 888.
1094 4607 1237 4680 ἐπέφραδε
1260 4610 1325 4671 ang.
1374 4607 1419 4657 78.
1450 4601 1615 4675 Οὐρανίατ.
