4414 5468
932 268 1172 342 ..43-

400 435 443 515 4)
463 433 800 517 Comparationem
818 435 921 496 inter
958 433 1123 497 verbum
1142 431 1352 498 Gothicum
1380 443 1419 497 ot
1439 434 1609 497 verbum
1636 436 1803 519 lingua·

281 567 367 611 rum
398 560 674 633 cognatarum
702 549 851 612 instituet.

868 702 906 763 κ.
931 701 991 764 w.
1008 676 1239 765 mmmm*

389 815 609 894 Hipstoriam
653 816 867 879 litterarum
899 810 1218 879 Germanicarum
1251 815 1323 880 iude
1353 834 1372 878 a
1403 817 1606 900 Kiopstochio
1639 834 1739 898 usque
1767 818 1806 879 ad

279 939 385 991 nostra
403 939 544 1013 tempora
566 929 729 992 enarrabit.

776 1082 817 1143 A.
836 1082 1006 1167 Moussou,
1023 1082 1105 1145 Prof.
1126 1078 1301 1166 Gymnasii.

388 1197 588 1280 Physicen
617 1196 882 1259 universalem
914 1208 967 1261 aut
1000 1197 1218 1261 doctrinam
1249 1198 1294 1260 de
1322 1199 1478 1276 colore,
1499 1200 1622 1278 optione
1653 1197 1800 1260 audituris

282 1311 372 1396 datr,
391 1310 473 1374 binis
491 1312 543 1371 vel
562 1310 661 1372 ternis
684 1310 770 1374 horis
787 1310 896 1374 tradet.

833 1464 869 1526 S.
890 1463 1057 1543 vorem,
1078 1446 1118 1525 V.
1141 1464 1181 1525 b.
1201 1464 1245 1525 Μ.

391 1578 433 1657 l)
452 1577 648 1660 Aeschyli
671 1577 822 1639 Persas
846 1577 926 1640 binis
947 1578 1047 1640 boris:

388 1694 430 1770 2)
449 1692 659 1772 Sophoclis
690 1691 946 1755 Philoctetam
965 1691 1045 1753 binis
1066 1692 1168 1754 horis:

391 1804 436 1883 3)
455 1805 636 1869 Plutonis
656 1804 867 1868 Phaedrum
886 1805 966 1869 binis
985 1806 1070 1868 horis
1089 1807 1343 1887 interpretabitur.

798 1958 837 2021 A.
864 1958 994 2021 &cm
1016 1976 1081 2020 voa
1097 1976 1162 2021 una
1180 1960 1292 2021 hurru.

391 2068 624 2152 Geognosiu
642 2071 729 2134 horis
751 2081 861 2152 postea
880 2071 1105 2136 constituendis
1122 2072 1255 2136 docebit.

881 2223 917 2284 ii.
939 2240 981 2284 nn
1003 2223 1207 2287 Euunuunnu.

392 2338 435 2417 1)
455 2338 565 2400 Artem
586 2336 676 2399 viss
696 2335 909 2420 muniendi,
944 2346 1084 2418 pontes
1109 2347 1148 2399 et
1178 2355 1299 2418 aquae
1326 2339 1483 2401 ductus
1516 2337 1802 2403 construendi

279 2452 468 2526 bimsmoris
488 2451 597 2514 tradet.
850 2442 852 2449 '

387 2566 432 2644 2)
452 2566 768 2628 Architecturam
792 2576 823 2628 et
841 2565 968 2628 urbibus
990 2576 1021 2628 et
1039 2568 1101 2628 ruri
1127 2568 1364 2629 convenientem
1382 2566 1462 2629 binis
1481 2567 1554 2628 item
1567 2567 1652 2629 horis
1670 2565 1803 2630 docebit.

948 2717 986 2778 ii.
1006 2714 1136 2779 (imour.

392 2830 561 2893 Cursum
583 2831 774 2892 historiae
795 2831 1031 2894 recentioris
1052 2831 1125 2894 inde
1152 2833 1190 2892 ab
1214 2831 1297 2893 initio
1324 2832 1418 2913 regni·
1442 2829 1545 2894 Caroli
1571 2831 1665 2912 quinti
1697 2849 1798 2913 usque

274 2944 313 3006 ad
333 2962 445 3007 nouum
464 2944 546 3008 1789
568 2946 664 3007 ternis
684 2946 768 3007 horis
792 2946 937 3007 instituet.

920 3098 944 3158 1.
968 3099 1154 3162 Escuusus.

390 3211 686 3271 Astrouomiam
705 3210 960 3274 theoreticam
979 3212 1075 3273 ternis
1096 3210 1179 3272 horis
1199 3211 1331 3275 docebit

931 3363 971 3424 H.
996 3363 1152 3425 Vtuntur.

387 3475 601 3538 Historiam
620 3473 827 3538 Romanam
846 3476 917 3538 inde
938 3496 957 3537 a
980 3476 1059 3539 beiio
1078 3477 1197 3539 Punico
1218 3477 1316 3559 primo
1343 3493 1444 3557 usque
1466 3476 1506 3538 ad
1526 3492 1663 3559 pugnam
1682 3476 1796 3539 Actia·

280 3610 369 3674 cum,
387 3589 499 3652 additis
515 3608 573 3672 per
593 3590 808 3669 compendium
827 3591 1014 3670 temporibus
1036 3591 1257 3671 Imperatorum
1276 3607 1376 3672 usque
1402 3588 1442 3652 ad
1461 3589 1697 3653 Constantinrun
1721 3590 1797 3652 Μι-

276 3723 372 3787 guum
391 3705 487 3767 ternis
505 3703 590 3767 horis
610 3703 770 3766 enarrabit.

931 3859 972 3919 A.
993 3854 1152 3921 (insumo.

388 3969 555 4034 Cursum
577 3968 771 4032 historiae
802 3972 1080 4033 immutationis
1113 3990 1239 4033 rorum
1273 3970 1668 4052 Francogaiiicsrurn
1698 3972 1795 4035 tornis

276 4087 361 4147 horis
383 4086 529 4148 instituet.
