4414 5468
902 271 1107 344 ..9-

476 437 541 501 αἵτ’
561 436 692 521 ἀνδρῶν
711 463 742 504 τε
761 440 851 504 θεῶν
868 462 902 504 τε
921 441 1155 522 παραιβασίας
1175 442 1363 520 έςυέπονσαι

473 549 629 618 οὐδέποτε
648 553 787 637 λήγουσι
804 552 883 617 θεαί
901 550 1021 620 δεινοῖο
1042 554 1177 639 χόλοιο,

476 664 557 746 πρίν
575 665 604 749 γ’
626 666 693 732 άπό
714 669 757 748 τῴ
777 665 889 732 δώωσι
908 669 1016 751 κακήν
1035 662 1128 745 ὄπιν,
1146 665 1239 748 ὅστις
1258 669 1401 754 ἁμάρτῃ.

476 779 562 843 τίκτε
581 776 616 843 δέ
638 781 695 844 καὶ
714 781 878 864 Νέμεσιν,
898 783 996 866 πῆμα
1015 782 1167 865 θνητοῖσι
1186 785 1372 866 βροτοῖσιν,

477 890 555 974 Νὺξ
575 894 676 977 ὀλοή·
696 896 779 979 μετὰ
798 893 906 979 τήνδ’
925 894 1069 975 Ἀπάτην
1088 896 1160 960 τέκε
1177 897 1235 960 καί
1254 896 1430 980 Φιλότητα,

476 1007 594 1089 Γῆράς
614 1009 643 1071 τ’
664 1008 845 1093 οὐλόμενον
864 1008 923 1073 καὶ
935 1008 1026 1092 Ἔριν
1043 1011 1116 1074 τέκε
1136 1010 1399 1094 καρτερόθυμον.

553 1122 668 1206 Αὐτὰρ
682 1123 783 1206 Ἔρις
803 1124 943 1207 στυγερή
964 1124 1034 1189 τέκε
1056 1124 1119 1207 μέν
1137 1124 1249 1189 Πόνον
1268 1124 1475 1210 ἀλγινόεντα,

475 1235 598 1320 Λήθην
616 1259 649 1301 τε
670 1236 782 1320 Λιμόν
801 1260 833 1301 τε
853 1237 911 1300 καὶ
923 1238 1041 1319 ’Ἁλγεα
1059 1235 1280 1321 δακρυόεντα,

476 1351 633 1433 Ὑσμίνας
654 1374 686 1415 τε
707 1349 834 1430 Φόνους
854 1373 888 1415 τε
905 1350 1042 1437 Μάχας
1061 1350 1093 1415 τ’
1112 1349 1367 1434 Ἀνδροκτασίας
1387 1375 1435 1427 τε,

478 1463 603 1530 Νείκεά
624 1487 656 1528 τε
677 1462 824 1544 ψευδέας
844 1487 877 1529 τε
895 1463 1028 1545 Λόγους
1046 1463 1265 1550 Ἀμφιλλογίας
1285 1489 1333 1540 τε,

478 1580 672 1663 Δυσνομίην
685 1579 781 1660 ’Ἀτην
800 1600 849 1653 τε,
869 1577 1039 1662 συνήθεας
1058 1578 1255 1662 ἀλλήλῃσιν,

469 1691 590 1771 Ὅρκον
607 1693 655 1771 θ’,
676 1690 715 1772 ὃς
735 1690 777 1776 δή
796 1693 950 1758 πλεῖστον
970 1693 1188 1778 ἐπιχθονίους
1207 1691 1411 1775 ἀνθρώπους

474 1807 650 1889 πημαίνει,
670 1803 723 1873 ὅτε
742 1808 799 1871 κέν
818 1829 868 1885 τις
889 1807 975 1871 έκών
993 1807 1151 1888 ἐπίορκον
1167 1805 1309 1891 ὀμόσσῃ.

553 1921 672 2002 Νηρέα
692 1919 723 1983 δ’
746 1918 897 1999 ἀψευδέα
916 1919 975 1984 καὶ
995 1920 1126 2000 ἀληθέα
1145 1921 1272 2004 γείνατο
1291 1920 1438 1999 Πόντος,

479 2035 708 2117 πρεσβύτατον
725 2032 870 2098 παίδων·
891 2034 997 2115 αὐτὰρ
1018 2035 1177 2100 καλέουσι
1194 2034 1347 2117 γέροντα,

478 2148 600 2213 οὕνεκα
620 2148 785 2231 νημερτής
805 2171 838 2211 τε
857 2148 915 2212 καί
934 2149 1053 2231 ἤπιος,
1071 2146 1149 2214 οὐδέ
1171 2150 1354 2233 θεμιστέων

478 2263 636 2347 λήθεται,
655 2262 742 2328 ἀλλὰ
761 2260 877 2326 δίκαια
897 2262 955 2326 καί
973 2261 1059 2344 ήπια
1078 2261 1179 2346 δήνεα
1197 2259 1295 2328 οίδεν.

478 2372 574 2457 αὖτις
594 2375 623 2440 δ’
646 2370 690 2443 αὐ
711 2376 893 2459 θαύμαντα
914 2377 1017 2458 μέγαν
1036 2377 1094 2439 καὶ
1112 2375 1261 2460 ἀγήνορα
1282 2376 1428 2459 Φόρκυν,

477 2495 565 2576 Γαίῃ
584 2492 805 2578 μισγόμενος,
826 2491 884 2554 καί
902 2490 1004 2570 Κητώ
1025 2489 1257 2573 καλλιπάρῃον

480 2605 654 2687 Εὐρυβίην
672 2604 700 2668 τ’
722 2602 914 2687 ἀδάμαντος
934 2605 982 2667 ένὶ
1001 2603 1105 2685 φρεσί
1123 2603 1235 2686 θυμὸν
1254 2606 1410 2689 ἔχουσαν.

553 2720 694 2801 Νηρῆος
714 2718 746 2782 δ’
767 2719 911 2799 έγένοντο
931 2716 1092 2802 μεγήριτα
1111 2717 1207 2782 τέκνα
1226 2716 1338 2784 θεάων

479 2833 585 2916 πόντῳ
607 2837 642 2897 έν
659 2832 824 2916 ἀτρυγέτῳ
845 2831 903 2896 καὶ
922 2829 1073 2916 Δωρίδος
1093 2831 1274 2916 η’ὐκόμοιο,

478 2948 605 3030 κούρης
623 2947 808 3023 Ὠκεανοῖο,
829 2945 997 3030 τελήεντος
1016 2949 1195 3031 ποταμοῖο·

478 3061 608 3144 Πρωτώ
629 3061 657 3126 τ’
680 3060 857 3142 Εὐκράντη
875 3083 908 3124 τε
928 3060 1008 3125 Σαώ
1028 3061 1057 3124 τ’
1075 3061 1271 3143 Ἀμφιτρίτη
1291 3085 1323 3126 τε

478 3174 621 3257 Εὐδώρη
640 3199 674 3239 τε
695 3176 790 3252 θέτις
810 3197 843 3239 τε
861 3174 997 3257 Γαλήνη
1017 3197 1050 3238 τε
1068 3173 1206 3256 Γλαύκη
1226 3198 1260 3239 τε

477 3288 648 3374 Κυμοθόη
669 3287 783 3354 Σπειώ
803 3311 836 3353 τε
858 3287 928 3371 θόη
946 3288 982 3352 θ’
1002 3288 1092 3371 Ἁλίη
1111 3289 1140 3353 τ’
1161 3290 1318 3372 ἐρόεσσα,

477 3406 535 3469 καί
554 3405 688 3485 Μελίτη
707 3402 878 3487 χαρίεσσα
896 3403 954 3467 καὶ
973 3403 1141 3488 Εὐλιμένη
1161 3403 1219 3468 καὶ
1236 3403 1357 3489 Ἀγαυή

477 3519 637 3601 Πασιθέη
657 3519 686 3581 τ’
705 3516 835 3600 Ἐρατώ
855 3538 889 3581 τε
908 3521 965 3580 καί
984 3517 1127 3598 Εὐνείκη
1146 3514 1345 3601 ῥοδόπηχυς

478 3632 576 3696 Δωτώ
598 3656 630 3697 τε
649 3630 777 3696 Πλωτώ
797 3654 831 3696 τε
852 3630 1005 3714 Φέρουσά
1025 3654 1058 3696 τε
1076 3632 1251 3717 Δυναμένη
1270 3653 1320 3707 τε,

321 3821 385 3869 223.
405 3820 565 3882 ἐφέπουσιν
582 3818 671 3865 Herm.
715 3815 779 3866 223.
795 3816 919 3880 Μέμψιν
936 3817 975 3863 Ιο.
993 3816 1067 3863 Diae.
1107 3814 1172 3863 224.
1201 3812 1254 3880 τήν
1271 3810 1297 3865 δ’
1317 3820 1335 3863 t.
1353 3819 1420 3873 (non
1437 3817 1485 3871 ai.)
1528 3815 1592 3864 225.
1613 3815 1752 3887 κρατερό·

253 3917 349 3983 θυμον
367 3919 385 3964 λ.
435 3912 500 3960 223.
527 3902 709 3976 ἀλγεινόεντα
732 3911 763 3957 λι.
790 3912 856 3965 (σου
873 3910 911 3965 α)
963 3906 1027 3955 227.
1063 3907 1168 3973 λοιμόν
1191 3923 1221 3959 τε
1245 3909 1264 3956 i.
1282 3910 1427 3966 (nouat.)
1479 3908 1543 3958 228.
1571 3905 1718 3975 ’Ῥομείνας
1734 3914 1752 3960 1.

254 4011 318 4058 ατε.
337 4005 451 4070 νόμους
469 4012 487 4054 t.
508 4008 574 4062 (nou
591 4003 640 4058 τί)
659 4000 763 4064 Μάκαι
777 3996 860 4071 Ἀνδσ-
880 4013 905 4049 a„
922 3997 1067 4063 Μάκετα
1079 3996 1163 4071 Ἄιδι.
1176 4003 1193 4050 t.
1212 4005 1279 4060 [non
1292 4003 1325 4057 ι.)
1359 4001 1424 4050 229.
1442 4000 1600 4067 ψεύσαιτο
1617 4002 1750 4070 λόγουςτ.

253 4107 290 4154 Μ.
307 4116 332 4164 p.
350 4099 416 4150 437.
457 4094 522 4146 230.
544 4092 667 4161 Ἀπάτην
684 4092 787 4144 Ruhnk.
803 4097 840 4143 M.
859 4107 883 4154 ρ.
902 4092 960 4142 118.
978 4090 1144 4159 ἀλλήλοισιν
1160 4095 1232 4143 aitm.
1267 4094 1331 4143 233.
1348 4094 1447 4165 Νηρέα
1466 4090 1492 4146 τ’
1511 4090 1568 4160 ἀψ.
1587 4098 1621 4145 αλ
1639 4101 1750 4155 (σοιτί.)

253 4195 319 4246 234.
348 4190 420 4265 ἀταρ
439 4196 456 4241 t.
500 4190 566 4239 235.
592 4187 746 4254 θεμιστέων
762 4189 781 4236 i.
825 4185 891 4236 237.
908 4184 1062 4255 Φόρκηνι.
1102 4186 1168 4234 238.
1190 4187 1279 4253 Γαίης
1295 4200 1319 4236 ο.
1340 4191 1405 4245 (non
1419 4188 1465 4243 lt.)
1510 4188 1575 4236 233.
1601 4185 1752 4255 ἀδάμαντα

251 4290 367 4341 Londln.
384 4290 419 4336 M.
436 4300 461 4348 p.
480 4282 545 4332 234.
599 4280 666 4330 240.
694 4278 850 4353 μεγήριτα]
874 4282 907 4328 ai.
928 4278 1113 4351 μεγήρηται.
1148 4276 1298 4351 μεγήρατα
1325 4279 1428 4328 Βσλσίι.
1453 4293 1479 4343 g.
1509 4280 1564 4329 cfr.
1589 4284 1625 4331 Μ.
1649 4297 1673 4344 ρ.
1691 4280 1752 4333 110.

252 4383 318 4431 243.
338 4375 472 4450 Εὐκράτη
489 4379 523 4426 εἰ.
543 4380 610 4434 (non
628 4376 661 4431 λ)
686 4369 824 4446 Εὐκρήτη
854 4373 1014 4436 Goettlingn
1037 4373 1162 4435 ειιερλολο.
1214 4372 1279 4421 243.
1319 4373 1410 4423 Σκείω
1434 4389 1465 4425 τε
1488 4370 1560 4439 θοὴ,
1591 4373 1677 4440 θαλίη
1704 4377 1751 4424 ait.

253 4491 278 4524 v.
305 4473 362 4524 243
391 4474 419 4520 et
447 4470 513 4518 247.
541 4472 747 4529 transponuntur
772 4469 837 4517 ini.
890 4465 955 4515 247.
992 4460 1114 4532 Εὐνεικὴ
1142 4467 1178 4515 ελ
1208 4469 1273 4523 (σου
1296 4466 1328 4521 Ι.)
1353 4461 1463 4532 Εὐνίκη
1490 4467 1577 4516 Herm.
1604 4469 1638 4517 Μ.
1665 4481 1689 4529 p.
1707 4467 1750 4518 91.

252 4567 315 4618 248.
342 4562 451 4634 Πρωτώ
470 4578 499 4614 τε
515 4564 579 4625 οἰις.
598 4558 718 4619 (Πλωτώ
736 4561 815 4623 Αοςιλ
833 4559 1002 4622 exemplam
1020 4560 1096 4609 Reiz.
1115 4559 1218 4613 Hem.)
1236 4561 1271 4608 Μ.
1289 4571 1313 4620 ρ.
1332 4556 1397 4607 443.

1474 4662 1494 4721 2
