4414 5468
887 290 1119 365 -13.-

543 456 664 536 Τηθύς
684 453 715 519 δ’
737 455 881 537 Ὠκεανῷ
905 457 1092 540 Ποταμοὺς
1112 457 1184 521 τέκε
1204 457 1397 541 δινήεντας,

464 570 589 637 Νεῖλόν
608 571 639 632 τ’
659 570 813 650 Ἀλφειόν
831 593 863 635 τε
883 572 936 635 ταὶ
955 569 1132 654 Ἠριδανὸν
1149 572 1351 654 βαθυδίνην,

464 676 643 770 Στρυμόνα
664 684 872 767 Μαίανδρόν
891 710 923 750 τε
943 687 1000 750 καί
1015 686 1143 767 Ἴστρον
1163 670 1419 769 καλλιρέεθρον,

464 802 571 864 Φάσίν
590 823 622 864 τε
641 800 757 884 Ῥῆσόν
776 810 815 875 τ’,
833 800 1014 885 Ἀχελώιόν
1031 800 1061 863 τ’
1083 799 1324 885 ἀργυροδίνην,

462 916 597 979 Νέσσον
616 937 649 978 τε
667 913 788 979 Ῥοδίον
806 916 843 977 θ’
866 913 1069 996 Ἁλιάκμονά
1088 917 1129 977 θ’
1149 914 1366 998 Ἑπτάπορόν
1386 939 1420 980 τε

464 1027 632 1111 Γρήνικόν
653 1050 686 1092 τε
705 1030 762 1092 καὶ
783 1032 941 1110 Αἴσηπον
958 1030 1053 1095 θεῖόν
1073 1052 1107 1093 τε
1128 1029 1294 1114 Σιμόεντα

464 1143 612 1224 Πηνειόν
632 1167 664 1206 τε
686 1144 744 1207 καὶ
758 1141 889 1228 Ἕρμον
909 1143 1085 1225 ἐϋρρείτην
1103 1167 1137 1208 τε
1156 1145 1294 1211 Κάῖκον

466 1257 655 1340 Σαγγάριόν
675 1280 709 1322 τε
727 1258 831 1340 μέγαν
849 1255 997 1321 Λάδωνά
1018 1281 1051 1321 τε
1070 1259 1269 1340 Παρθένιόν
1288 1283 1321 1323 τε

464 1370 595 1451 Εύηνόν
615 1394 646 1435 τε
667 1371 725 1435 καὶ
738 1369 927 1453 Ἄρδησκον
945 1371 1042 1437 θεῖόν
1060 1396 1093 1437 τε
1112 1371 1349 1458 Σκάμανδρον.
1553 1380 1609 1439 315

542 1486 642 1549 Τίκτε
662 1483 698 1549 δὲ
717 1487 913 1571 θυγατέρων
933 1487 1025 1569 ἱερὸν
1043 1488 1155 1572 γένος,
1176 1493 1216 1552 αϊ
1233 1488 1319 1552 κατὰ
1339 1493 1439 1571 γαῖαν

465 1599 594 1683 ἄνδρας
613 1599 809 1682 κουρίζουσι
829 1603 892 1665 σύν
909 1600 1092 1667 Ἀπόλλωνι
1111 1601 1233 1667 ἄνακτι

465 1715 524 1778 καὶ
541 1718 735 1799 Ποταμοῖς·
756 1715 879 1797 ταύτην
899 1714 935 1779 δὲ
956 1716 1038 1794 Διός
1058 1716 1156 1799 πάρα
1174 1719 1298 1800 μοῖραν
1317 1720 1475 1804 ἔχουσιν,

462 1828 581 1893 Πειθώ
601 1829 630 1893 τ’
650 1827 795 1915 Ἀδμήτη
817 1853 849 1893 τε
866 1829 979 1914 Ἰάνθη
999 1832 1028 1896 τ’
1048 1832 1207 1914 Ἠλέκτρη
1229 1855 1262 1896 τε

466 1944 578 2026 Δωρίς
600 1968 631 2009 τε
652 1943 805 2029 Πρυμνώ
829 1966 863 2008 τε
883 1944 942 2008 καὶ
961 1945 1113 2027 Οὐρανίη
1133 1942 1289 2029 θεοειδής

464 2058 563 2121 Ἱππώ
583 2081 616 2123 τε
634 2059 797 2142 Κλυμένη
818 2081 851 2122 τε
868 2056 993 2125 Ῥόδειά
1014 2083 1046 2123 τε
1064 2060 1246 2142 Καλλιρόη
1264 2084 1298 2125 τε

466 2170 582 2253 Ζευξώ
605 2194 636 2236 τε
655 2172 787 2253 Κλυτίη
808 2195 840 2236 τε
858 2171 958 2237 Ἰδυῖά
978 2196 1012 2237 τε
1030 2174 1196 2255 Πασιθόη
1217 2197 1250 2238 τε

466 2284 659 2369 Πληξαύρη
680 2310 712 2350 τε
732 2284 943 2371 Γαλαξαύρη
963 2288 993 2351 τ’
1015 2288 1117 2369 ἐρατή
1137 2311 1170 2351 τε
1190 2288 1303 2369 Διώνη

467 2400 673 2484 Μηλόβοσίς
694 2425 728 2467 τε
748 2401 820 2484 Θόη
842 2425 874 2467 τε
894 2403 954 2465 καί
973 2399 1104 2484 εὐειδής
1124 2401 1317 2483 Πολυδώρη

464 2517 619 2597 Κερκηίς
639 2539 673 2579 τε
693 2516 786 2599 φυήν
805 2518 907 2599 ἐρατή
927 2516 1071 2580 Πλουτώ
1092 2539 1125 2580 τε
1144 2519 1274 2597 βοώπις

465 2632 620 2713 Περσηίς
640 2630 669 2694 τ’
689 2630 829 2713 Ἰάνειρά
849 2631 878 2695 τ’
899 2629 1039 2711 Ἀκάστη
1059 2652 1091 2694 τε
1111 2630 1230 2711 Ξάνθη
1250 2653 1284 2694 τε

467 2745 620 2827 Πετραίη
640 2745 668 2808 τ’
690 2744 834 2825 ἐρόεσσα
855 2744 1027 2809 Μενεσθώ
1048 2744 1249 2828 τἘύρώπη
1269 2766 1321 2809 τε·

472 2859 588 2943 Μῆτίς
611 2859 640 2922 τ’
663 2859 845 2944 Εὐρυνόμη
866 2882 899 2922 τε
923 2859 1082 2923 Τελεσθώ
1102 2883 1135 2923 τε
1155 2859 1390 2942 κροκόπεπλος

469 2975 627 3056 Χρυσηίς
647 2974 676 3037 τ’
696 2974 789 3055 Ἀσίη
811 2997 844 3037 τε
864 2974 923 3037 καί
940 2973 1126 3057 ἱμερόεσσα
1144 2976 1304 3056 Καλυψώ

469 3086 614 3170 Εὐδώρη
635 3111 667 3152 τε
690 3086 793 3173 Τύχη
813 3112 847 3152 τε
869 3089 928 3152 καὶ
944 3088 1097 3170 Ἀμφιρώ
1116 3088 1263 3170 Ὠκυρόη
1283 3112 1317 3153 τε
1557 3094 1613 3154 363

468 3204 527 3267 καί
547 3199 653 3283 Στύξ,
672 3199 696 3284 ή
716 3198 758 3284 δή
779 3225 893 3282 σφεων
910 3201 1168 3284 προφερεστάτη
1187 3203 1276 3268 ἐστὶν
1295 3202 1463 3268 ἁπασέων.

468 3310 568 3382 αὗται
588 3316 619 3380 δ’
637 3317 806 3381 Ὠκεανοῦ
825 3317 884 3380 καὶ
906 3315 1049 3400 Τηθύος
1071 3312 1256 3399 ἐξεγένοντο

470 3430 698 3511 πρεσβύταται
718 3432 857 3511 κούραι·
877 3432 1000 3495 πολλαί
1020 3454 1055 3513 γε
1074 3433 1136 3516 μέν
1156 3434 1223 3496 εἱσι
1242 3432 1300 3495 καὶ
1320 3432 1431 3498 ἄλλοι.

470 3547 543 3628 τρίς
563 3546 628 3628 γάρ
648 3545 759 3630 χίλιαί
779 3549 845 3610 είσι
863 3545 1078 3629 τανύσφυροι
1094 3546 1308 3625 Ὠκεανῖναι,

470 3664 510 3724 αἵ
523 3661 570 3743 ῥα
589 3660 819 3742 πολυσπερέες
838 3660 937 3743 γαῖαν
955 3660 1014 3723 καί
1034 3660 1157 3741 βένθεα
1177 3659 1298 3743 λίμνης

469 3773 577 3858 πάντη
598 3774 691 3858 ὁμώς
710 3774 891 3855 ἐφέπουσι,
911 3774 1024 3839 θεάων
1044 3773 1153 3859 ἀγλαὰ
1173 3776 1281 3839 τέκνα.

244 4036 325 4089 θετόν
341 4052 372 4087 τε
388 4033 536 4101 Σιμοῦντα
550 4036 616 4092 aitg.
636 4031 778 4099 Σιμόεντά
794 4048 826 4084 τε
837 4033 918 4084 θεῖον
937 4036 1026 4084 Herm.
1061 4034 1126 4083 343.
1145 4030 1278 4107 εὐρείτην
1290 4036 1324 4084 εἰ.
1360 4034 1424 4082 345.
1435 4030 1584 4087 Ἄλδισκον
1596 4040 1615 4085 t.
1635 4041 1701 4095 (non
1712 4040 1760 4101 ai.)

244 4129 418 4200 Κάμανδρον
438 4128 547 4177 Triclin.
595 4125 660 4174 343.
687 4128 769 4178 Τίκτε
786 4126 953 4197 θυγατέρων
964 4130 982 4176 1.
1018 4127 1083 4175 347.
1107 4130 1278 4195 κουρίζουσι
1297 4126 1371 4190 (sic)
1389 4124 1541 4180 Ἀπόλλωνι
1556 4126 1608 4193 ξὺν
1626 4124 1730 4184 ἄνακτι
1743 4138 1761 4182 t.

245 4223 359 4285 (Wolf.)
394 4221 457 4270 351.
470 4218 567 4271 Ῥοδίον
583 4222 629 4269 ait.
665 4220 730 4268 352.
747 4218 889 4286 Πετστθόη
901 4223 959 4271 Par.
980 4221 1001 4270 l.
1012 4225 1047 4272 Μ.
1058 4236 1084 4282 p.
1099 4220 1161 4269 21⁷.
1178 4220 1312 4287 Πασιθέη
1323 4221 1413 4271 schol.
1450 4216 1512 4272 354.
1531 4225 1762 4290 Θοητεζτὶςμ.

243 4315 307 4384 Θοή
325 4332 355 4368 τε
372 4318 390 4364 1.
408 4319 475 4374 (non
493 4317 526 4371 λ)
573 4313 638 4361 355.
665 4313 797 4385 Κερκηὺς
816 4316 833 4361 i.
858 4313 964 4385 ἐρατὴν
980 4328 1004 4363 τι
1053 4309 1114 4363 357.
1144 4315 1325 4386 Πετραίηςί.
1352 4315 1488 4366 Μενεστώ
1510 4312 1535 4367 τ’
1561 4330 1586 4379 g.
1611 4322 1678 4375 (non
1699 4320 1761 4373 ait.)

244 4411 309 4459 358.
337 4405 461 4461 Τελεστώ
478 4424 508 4459 τε
527 4410 564 4470 ig.
583 4412 649 4465 (non
670 4412 707 4456 at.
727 4409 764 4457 Μ.
782 4422 807 4469 ρ.
826 4406 903 4463 143.)
956 4408 1020 4456 353.
1057 4400 1162 4478 Κρισίη
1176 4421 1200 4456 ε.
1235 4407 1366 4480 Χρυσηῒς
1388 4410 1405 4455 i.
1431 4408 1551 4480 Κρισίης
1571 4416 1588 4459 t.
1617 4411 1761 4482 Κρισσηλς

245 4504 345 4553 ΝεοΙιο.
374 4501 508 4570 Χρυσηίς
524 4503 666 4550 Hermann.
687 4513 721 4550 ex
741 4502 838 4561 flymn.
863 4503 890 4549 in
918 4501 978 4550 Cer.
998 4501 1060 4550 431.
1086 4504 1123 4551 Μ.
1138 4516 1163 4563 p.
1184 4501 1246 4550 133.
1299 4499 1364 4549 330.
1397 4498 1524 4572 Ἁμφιρώ
1552 4503 1631 4554 habet
1656 4506 1762 4554 Iuntina

244 4596 343 4659 prima,
360 4590 633 4665 τοσσοδεὶέμφυρώ.
674 4591 739 4643 334.
766 4594 872 4663 μύριαι
891 4595 981 4644 schol.
999 4597 1073 4645 Pind.
1091 4597 1165 4646 Nem.
1185 4594 1228 4661 10,
1246 4594 1307 4644 150.
1334 4592 1503 4648 Ὠκεανῖναι
1522 4599 1558 4646 ελ.
1577 4599 1693 4655 (σοιτί.)
