4414 5468
981 210 1318 305 .-ε-

679 377 796 459 ἀφρὸς
817 375 879 441 ἀπ’
899 375 1073 442 ἀθανάτου
1091 377 1201 463 χροὸς
1220 377 1366 460 ἀρνυτο·
1385 382 1428 463 τῷ
1448 378 1480 445 δ’
1501 383 1551 447 ένι
1570 384 1678 467 κούρη

681 492 851 574 έθρέφθη.
870 494 1004 573 πρῶτον
1021 487 1059 556 δέ
1078 490 1279 576 Κυθήροισι
1298 491 1471 574 ζαθέοισιν

679 606 920 687 ε’πλητ’,,ε”νθεν
940 607 1054 673 ἔπειτα
1072 606 1277 691 περίρρυτον
1298 611 1385 676 λ’κετο
1404 608 1560 695 Κάπρον.

681 724 719 787 έκ
739 719 772 786 δ’
793 723 855 804 ἔβη
874 719 987 804 αίδοίη
1008 722 1096 806 καλὴ
1115 723 1214 802 θεὸς,
1233 722 1326 809 ἀμφὶ
1344 720 1381 788 δὲ
1399 724 1483 807 ποίη

679 837 803 904 ποσσίν
821 834 888 904 ὕπο
908 834 1097 921 ῥαδινοῖσιν
1116 833 1247 920 ἀέξετο·
1268 836 1326 922 τὴν
1345 836 1377 904 δ’
1396 837 1597 923 Ἀφροδίτην
1766 851 1821 914 195

677 951 866 1036 ἀφρογενέα
888 974 922 1019 τε
938 952 1024 1018 θεὰν
1042 951 1102 1017 καὶ
1120 951 1327 1032 ἐυστέφανον
1345 955 1543 1039 Κυθέρειαν
1652 994 1657 1005 ·

679 1068 902 1150 κικλήσκουσι
919 1067 997 1134 θεοί
1013 1088 1049 1132 τε
1067 1066 1126 1130 καὶ
1144 1065 1282 1149 ἀνέρες,
1303 1063 1416 1134 οὕνεκ’
1437 1071 1474 1134 έν
1491 1068 1594 1153 ἀφρῷ

678 1184 838 1267 θρέφθη·
860 1181 946 1265 ἀτάρ
965 1181 1177 1265 Κυθέρειαν,
1196 1177 1247 1248 ὅτι
1265 1183 1481 1266 προσέκυρσε
1498 1162 1693 1270 Κυθήροις.

678 1296 902 1383 Κυπρογενέα
920 1293 965 1373 δ’,
983 1293 1036 1363 ὅτι
1053 1296 1144 1378 γέντο
1164 1294 1383 1381 πολυκλύστῳ
1404 1298 1453 1363 ένὶ
1471 1298 1623 1384 Κύπρῳ,

678 1409 738 1495 ἡδὲ
759 1409 996 1498 φιλομμηδέα,
1015 1407 1067 1478 ὅτι
1084 1408 1218 1497 μηδέων
1236 1406 1449 1495 ἐξεφαάνθη.
1763 1423 1823 1485 000

680 1528 719 1611 τῇ
739 1524 762 1590 δ
765 1525 774 1546 '
787 1527 896 1610 Ἔρος
918 1526 1098 1612 ωμάρτηοε
1118 1526 1177 1590 καὶ
1187 1522 1318 1610 Ἵμερος
1339 1523 1457 1593 ἕσπετο
1477 1530 1583 1609 καλὸς

682 1641 855 1726 γεινομένῃ
873 1643 1034 1723 ταπράτα
1052 1641 1143 1705 θεῶν
1161 1640 1193 1704 τ’
1214 1642 1251 1721 ές
1272 1643 1382 1723 φῦλον
1402 1640 1513 1727 ίοάσγγ.

679 1754 804 1837 ταύτην
823 1752 856 1820 δ’
881 1751 919 1838 ἐξ
939 1755 1054 1841 ἀρχῆς
1074 1755 1175 1841 τιμήν
1193 1757 1267 1840 ἔχει
1284 1752 1344 1839 ἡδὲ
1363 1756 1523 1842 λέλογχεν

679 1872 805 1954 μοῖραν
824 1873 859 1935 έν
878 1867 1093 1952 ἀνθρώποισι
1110 1868 1170 1936 καὶ
1188 1867 1389 1937 ἀθανάτοισι
1405 1873 1553 1948 θεοῖσιν,

680 1986 888 2068 παρθενίους
910 1983 940 2048 τ’
959 1983 1089 2069 ὀάρους
1115 1980 1307 2071 μειδήματα
1326 1984 1356 2048 τ’
1378 1981 1550 2071 ἐξαπάτας
1568 2012 1602 2053 τε
1760 1994 1816 2055 005

678 2102 796 2182 τέρψιν
815 2122 849 2166 τε
868 2099 1033 2185 γλυκερὴν
1053 2098 1217 2181 φιλότητά
1236 2121 1269 2165 τε
1287 2100 1460 2188 μειλιχίην
1478 2124 1524 2167 τε.

760 2214 853 2294 Τοὺς
873 2211 911 2278 δέ
929 2214 1042 2298 πατὴρ
1066 2215 1213 2298 Τιτῆνας
1233 2215 1410 2300 ἐπίκλησιν
1429 2216 1623 2293 καλέεσκεν,

686 2329 812 2411 παῖδας
832 2329 980 2397 νεικείων
998 2328 1103 2413 μέγας
1124 2327 1297 2411 Οὐρανὸς,
1315 2325 1377 2408 οὓς
1396 2329 1488 2395 τέκεν
1506 2329 1625 2410 αὐτός·

628 2466 630 2469 ·
681 2445 796 2529 φάσκε
814 2441 851 2509 δέ
870 2444 1075 2523 τιταίνοντας
1095 2443 1287 2528 ἀτασθαλίῃ
1308 2444 1395 2529 μέγα
1413 2442 1513 2528 δέξαι

681 2565 795 2645 ἔργον,
814 2560 884 2626 τοῖο
903 2556 937 2623 δ’
958 2560 1071 2624 ἔπειτα
1089 2556 1176 2623 τίσιν
1194 2556 1400 2642 μετόπισθεν
1419 2560 1571 2626 ἔσεσθαι.
1770 2566 1826 2627 010

712 2720 714 2725 ·
753 2672 831 2757 Νὺξ
851 2671 884 2738 δ’
908 2675 997 2739 ἔτεκε
1010 2673 1170 2760 στυγερόν
1187 2696 1222 2739 τε
1235 2671 1362 2758 Μόρον
1375 2673 1435 2739 καί
1447 2675 1553 2760 Κῆρα
1568 2675 1728 2759 μέλαιναν

679 2791 738 2856 καὶ
759 2787 925 2868 θάνατον,
945 2788 1017 2853 τέκε
1036 2784 1069 2852 δ’
1082 2784 1218 2862 Ὕπνον,
1237 2789 1341 2853 ἔτικτε
1362 2786 1399 2853 δέ
1420 2791 1530 2868 φῦλον
1547 2788 1716 2871 Ὀνείρων·

681 2905 787 2973 οὔτινι
805 2901 1011 2989 κοιμηθεῖσα
1029 2901 1095 2967 θεά
1112 2901 1185 2967 τέκε
1204 2898 1284 2984 Νὺξ
1303 2902 1470 2987 ἐρεβεννή.

678 3020 833 3104 δεύτερον
852 3011 897 3085 αὖ
917 3017 1056 3103 Μῶμον
1075 3015 1134 3081 καὶ
1150 3015 1256 3099 Ὀίζδν
1275 3015 1506 3103 ἀλγινόεσσαν,

674 3132 881 3219 Ἑσπερίδας
899 3133 949 3209 θ’,
968 3127 1025 3212 αἶς
1045 3133 1139 3217 μῆλα
1156 3132 1265 3214 πέρην
1283 3134 1407 3198 κλυτοῦ
1424 3133 1595 3200 Ὠκεανοῖο
1768 3140 1823 3201 215

681 3250 815 3338 χρύσεοι
834 3249 922 3314 καλά
943 3247 1085 3333 μέλουσι
1104 3245 1251 3328 φέροντά
1271 3268 1305 3311 τε
1322 3243 1461 3329 δένδρεα
1480 3246 1628 3330 καρπὸν·

679 3366 739 3431 καί
758 3362 903 3449 Μοίρας
923 3360 982 3426 καὶ
1000 3362 1126 3443 Κῆρας
1146 3358 1290 3443 ἐγείνατο
1311 3361 1550 3441 νηλεοποίνους

679 3478 816 3545 Κλωθώ
836 3500 870 3544 τε
888 3475 1044 3562 Λάχεσίν
1064 3497 1096 3541 τε
1115 3475 1175 3539 καὶ
1186 3474 1365 3558 Ἄτροπον,
1385 3478 1455 3541 αίτε
1473 3478 1645 3557 βροτοῖσιν

680 3595 902 3683 γεινομένοισι
919 3588 1072 3658 διδοῦσιν
1091 3592 1183 3676 ἔχειν
1202 3589 1332 3675 ἀγαθόν
1350 3612 1385 3657 τε
1403 3590 1510 3658 κακόν
1529 3615 1576 3667 τε,

528 3913 583 3961 101.
605 3909 644 3978 oq]
663 3910 680 3957 1.
724 3906 784 3954 100.
804 3899 907 3956 ἔπλετο
923 3904 958 3951 nl.
979 3908 1047 3959 (non
1063 3902 1097 3957 ι.)
1133 3895 1193 3949 105.
1210 3895 1284 3952 ὑπαί
1299 3904 1317 3952 1.
1336 3895 1394 3953 ὑπὸ
1410 3906 1447 3952 τι
1499 3901 1561 3950 100.
1589 3897 1787 3973 ῗέφρογενείην
1803 3919 1833 3954 τε
1852 3903 1927 3967 (τέο)
1944 3918 1972 3953 ε,

452 4001 650 4078 ῗέφρογένειάν
675 4004 777 4053 ττ11οι.
795 3988 952 4068 ἀφρογενῆ
975 3999 1004 4045 et
1019 3984 1191 4067 Κυπρογινῆ
1212 3995 1388 4044 Hermum„
1415 3997 1464 4053 (Μ.
1482 4009 1506 4058 ρ.
1524 3994 1604 4052 407.)
1655 3995 1716 4044 107.
1745 3995 1973 4049 mmmm,

456 4102 646 4153 κυκλίσκουσι
666 4103 685 4145 t.
731 4094 793 4144 108.
817 4085 912 4162 αὐτὰρ
929 4091 964 4138 οἱ.
988 4094 1055 4145 (σου
1076 4090 1109 4145 λ.)
1127 4086 1272 4160 Κυθέρεια
1287 4101 1316 4137 a:
1330 4090 1453 4146 (nonin)
1508 4088 1570 4139 100.
1596 4089 1811 4160 Κυκροῳέρςιαρ
1828 4093 1899 4140 mm,
1925 4094 1975 4158 7⁸¹·

455 4210 536 4247 νοιτο
561 4196 623 4241 atm.
656 4190 754 4256 γένετο
779 4189 797 4235 1.
816 4197 876 4236 cum
901 4182 967 4234 God.
988 4186 1048 4233 Bar.
1083 4181 1196 4253 Κύπριν
1223 4178 1261 4243 δ’,
1279 4176 1342 4234 ὅττι
1368 4183 1483 4250 γένοιτο
1502 4183 1591 4233 Herm.
1619 4181 1663 4234 ἐνὶ
1683 4181 1779 4250 πόντῳ
1796 4196 1820 4232 ι
1839 4187 1906 4242 (σου
1929 4185 1972 4244 11.)

456 4291 491 4338 11.
501 4302 525 4350 ρ.
538 4284 604 4335 400.
640 4281 705 4331 000.
726 4275 862 4345 φιλομμὴ
879 4278 930 4330 δέα
942 4275 1053 4341 (κλῇε.
1070 4274 1453 4341 φιλομηδέα11.μειδέωνε.
1471 4275 1621 4337 Μ.ρ.000.
1656 4273 1721 4324 000.
1741 4278 1879 4343 γινομένη
1897 4276 1972 4339 (κίε)

455 4386 502 4432 alt.
522 4378 609 4444 ιὀύση
625 4380 671 4427 alt
713 4372 778 4422 007.
798 4372 954 4425 καλέεσκεν
970 4375 1025 4434 εις.
1039 4374 1106 4429 (non
1123 4371 1155 4426 1.)
1190 4358 1369 4420 010.Ὦιτινι
1386 4372 1422 4420 κέ.
1444 4372 1511 4428 (non
1527 4368 1559 4431 1.)
1577 4367 1751 4439 ἑρεβοιινὴλ
1787 4369 1850 4418 014.
1868 4369 1974 4420 Μῶλον

454 4471 718 4526 1οεωοεεο1ιο.11.
740 4482 765 4529 ῳ.
782 4464 849 4517 040.
884 4464 946 4513 010.
967 4462 1080 4531 μέμηλε
1096 4465 1135 4512 lo.
1158 4461 1233 4511 Diae.
1259 4460 1377 4532 καρπῶν
1391 4465 1409 4511 1.
1445 4461 1507 4511 017.
1535 4462 1725 4529 νηλεοποίνας
1742 4461 1817 4524 (sic)
1835 4466 1851 4510 1.
1869 4462 1972 4527 νηλεο.

458 4572 559 4630 πίνους
576 4571 594 4616 1.
617 4561 837 4629 νηλιτοκοίνους
862 4557 1001 4608 Ruhnken.
1048 4555 1111 4605 010.
1139 4556 1337 4620 πεινομένοισι
1353 4569 1377 4605 κ.
1403 4559 1584 4623 γινομένοισι
1599 4558 1617 4605 1.
