4414 5468
879 270 1111 347 ..31-

453 445 664 522 ,τιμπλεῦυαι
684 441 798 518 κόνιός
818 462 851 503 τε
870 439 930 503 καί
948 438 1117 524 ἀργαλέου
1136 441 1354 519 κολοσυρτοῦ.
1545 443 1600 503 880

535 556 649 637 Αὐτὰρ
671 553 809 635 ἐπείρα
827 552 931 620 πόνον
949 554 1105 639 μάκαρες
1125 554 1201 617 θεοὶ
1219 551 1449 635 ἐξετέλεσσαν,

462 668 643 751 Τιτήνεσσι
661 667 698 733 δέ
717 667 846 753 τιμάων
864 668 1020 752 κρίναντο
1039 668 1157 750 βίηφι,

455 782 497 864 δή
520 783 565 865 ῥα
587 780 651 848 τότ’
674 783 822 865 ὤτρυνον
842 784 1062 868 βασιλευέμεν
1080 781 1141 866 ήδὲ
1160 781 1323 849 ἀνάσσειν

457 898 565 978 Γαίης
586 895 871 981 φραδμοσύνῃσιν
886 895 1068 979 Ὀλύμπιον
1086 895 1240 979 εὐρύοπα
1262 898 1347 980 Ζῆν’

459 1011 647 1074 ἀθανάτων·
668 1010 686 1075 ὁ
706 1008 744 1074 δὲ
764 1015 871 1077 τοῖσιν
890 1008 929 1075 ἐῢ
951 1008 1151 1076 διεδάσσατο
1171 1011 1283 1097 τιμάς.
1547 1016 1603 1076 885

533 1127 621 1205 Ζεύς
642 1122 678 1189 δὲ
697 1129 786 1189 θεῶν
803 1126 965 1205 βασιλεὺς
984 1124 1121 1207 πρώτην
1140 1125 1270 1211 ἄλοχον
1288 1126 1367 1191 θέτο
1389 1128 1519 1207 Μῆτιν,

460 1243 599 1304 πλεῖστα
619 1242 708 1304 θεῶν
728 1236 856 1303 εἰδυῖαν
876 1236 926 1304 ίδὲ
945 1242 1078 1322 θνητῶν
1096 1240 1297 1322 ἀνθρώπων.

456 1354 533 1417 ἀλλ’
555 1353 609 1419 ὅτε
629 1352 670 1437 δή
691 1354 728 1435 ρ”
751 1354 877 1437 ἤμελλε
897 1354 983 1419 θεάν
1002 1358 1196 1438 γλαυκῶπιν
1213 1354 1355 1439 Ἀθήνην

458 1465 628 1549 τέξεσθαι,
648 1468 714 1533 τότ’
735 1471 850 1534 ἔπειτα
869 1466 956 1552 δόλῳ
978 1470 1108 1552 φρένας
1129 1464 1346 1552 ἐξαπατήσας

457 1583 647 1663 αἱμυλίοισι
667 1582 815 1669 λόγοισιν
837 1586 895 1667 ἑὴν
913 1582 1093 1669 ἐγκάτθετο
1114 1580 1217 1667 νηδύν

457 1696 565 1777 Γαίης
586 1695 848 1782 φραδμοσύνῃσι
868 1698 927 1762 καί
946 1692 1105 1780 Οὐρανοῦ
1123 1698 1348 1783 ἀστερόεντος.

458 1813 521 1890 τώς
542 1810 606 1893 γάρ
627 1815 659 1876 ολ
681 1812 878 1894 φρασάτην,
899 1816 954 1877 ἵνα
974 1813 1022 1896 μὴ
1042 1809 1226 1894 βασιληίδα
1245 1814 1344 1896 τιμὴν

458 1924 561 2004 ἄλλος
580 1928 644 2012 ἔφη
665 1927 747 2006 Διὸς
767 1927 840 1990 ἀντὶ
859 1930 950 1991 θειῦν
967 1925 1205 2012 αίειγενετάιον.

458 2044 495 2103 ἐκ
517 2042 581 2120 γάρ
604 2045 661 2123 τῆς
685 2044 823 2127 εἵμαρτο
843 2042 1036 2124 περίφρονα
1056 2041 1155 2105 τέκνα
1173 2041 1344 2122 γενέσθαι·

457 2154 593 2235 πράτην
612 2155 676 2240 γάρ
697 2156 826 2244 κούρην
846 2152 1065 2240 γλαυκώπιδα
1088 2155 1321 2237 Τριτογένειαν
1547 2158 1602 2221 885

459 2266 534 2332 ίσον
552 2271 701 2352 ἔχουσαν
719 2272 823 2352 πατρὶ
842 2271 943 2353 μένος
962 2270 1020 2334 καὶ
1040 2271 1209 2350 ἐπίφρονα
1228 2270 1369 2351 βουλὴν,

459 2384 568 2464 αὐτάρ
589 2386 691 2448 ἔπειτ’
713 2384 784 2467 άρα
804 2383 910 2450 παῖδα
929 2387 1019 2450 θεῶν
1036 2388 1186 2467 βασιλῆα
1206 2383 1264 2447 καί
1284 2380 1415 2465 ἀνδρῶν

460 2497 602 2581 ἤμελλεν
622 2496 796 2580 τέξεσθαι,
815 2501 979 2581 ὑπέρβιον
997 2488 1081 2582 ήτορ
1101 2500 1239 2584 ἔχοντα·

462 2613 536 2675 ἀλλ’
558 2613 628 2693 άρα
650 2637 709 2695 μιν
729 2617 817 2693 Ζεύς
838 2613 991 2695 πρόσθεν
1011 2615 1068 2696 ἑήν
1088 2612 1264 2695 ἐγκάτθετο
1285 2609 1402 2691 νηδύν,

459 2727 504 2803 είς
526 2726 566 2810 δή
588 2732 621 2792 ολ
641 2727 835 2808 φράσσαιτο
855 2729 920 2793 θεά
940 2726 1070 2812 ἀγαθόν
1088 2750 1123 2792 τε
1142 2726 1247 2793 κακόν
1266 2749 1310 2790 τε.
1546 2730 1603 2791 800

536 2841 698 2923 Δεύτερον
716 2841 854 2926 ἠγάγετο
875 2842 1024 2924 λιπαρὴν
1047 2844 1167 2924 θέμιν,
1186 2837 1210 2924 ἢ
1231 2843 1321 2906 τέκεν
1334 2836 1456 2921 Ὥρας,

461 2956 631 3039 Εὐνομίην
649 2981 682 3022 τε
702 2958 810 3040 Δίκην
828 2981 861 3021 τε
880 2958 938 3022 καί
959 2958 1109 3041 Εἰρήνην
1128 2959 1325 3036 τεθαλυῖαν,

461 3072 525 3131 αἴτ’
548 3072 617 3152 ἔργ’
639 3072 807 3149 ὠρεύουσι
826 3074 1067 3150 καταθνητοῖσι
1086 3073 1273 3152 βροτοῖσιν·

462 3184 604 3265 Μοίρας
626 3185 673 3256 θ’,
690 3177 737 3268 ᾖς
757 3185 915 3264 πλείστην
935 3186 1034 3269 τιμήν
1049 3183 1135 3267 πόρε
1155 3185 1292 3269 μητίετα
1314 3185 1418 3265 Ζεύς,

460 3298 596 3361 Κλωθώ
618 3322 650 3361 τε
669 3298 826 3385 Λάχεσίν
846 3321 878 3363 τε
898 3298 1146 3382 καίἍτροπον,
1167 3302 1207 3363 αί
1222 3321 1256 3363 τε
1275 3295 1427 3364 διδοῦσιν
1546 3304 1601 3363 005

459 3414 595 3493 θνητοῖς
615 3412 848 3497 ἀνθρώποισιν
865 3415 957 3499 ἔχειν
975 3413 1105 3497 άγάθάν
1124 3437 1157 3478 τε
1176 3413 1282 3479 κακόν
1303 3436 1345 3476 τε.

540 3530 642 3607 Τρεῖς
663 3525 698 3591 δέ
718 3534 748 3592 οἱ
771 3526 954 3612 Εὐρυνόμη
973 3528 1130 3611 Χάριτας
1149 3529 1221 3592 τέκε
1242 3527 1512 3612 καλλιπαρῄους,

460 3641 619 3705 Ὠκεανοῦ
640 3641 763 3724 κούρη,
782 3643 997 3726 πολυήρατον
1017 3640 1107 3722 είδος
1127 3644 1273 3727 ἔχουσα,

460 3754 614 3836 ’ἐγλαίην
633 3778 665 3819 τε
685 3756 744 3819 καὶ
766 3756 993 3839 Εὐφροσύνην
1015 3758 1143 3839 Θαλίην
1164 3757 1191 3821 τ’
1214 3759 1401 3841 ἐρατεινήν·

239 4008 303 4057 870.
329 4010 435 4073 γίνεται
454 4010 499 4056 ait.
555 4007 620 4055 877.
655 4010 777 4061 κείνοισι
797 4012 844 4060 αλλ.
869 4012 1047 4074 συναντῶτες
1065 4011 1136 4073 (sic)
1157 4014 1192 4060 al.
1219 4009 1401 4062 ουκαντῶσιν
1419 4018 1437 4060 t.
1488 4009 1553 4059 878.
1582 4012 1614 4060 αἱ
1631 4007 1658 4061 δ’
1679 4006 1749 4062 αὐτε

239 4100 325 4159 κατὰ]
344 4104 378 4149 υἱ.
396 4104 432 4150 Μ.
451 4116 475 4162 ρ.
492 4100 538 4149 48.
556 4103 588 4151 αἱ
605 4099 628 4151 δ’
652 4095 689 4153 αὐ
705 4105 755 4154 καί
770 4108 807 4165 tg.
842 4101 911 4179 880.1
927 4102 1090 4170 πιμπλήσαι
1103 4107 1138 4153 αλ.
1182 4104 1247 4152 880.
1265 4098 1313 4170 ἧδ’
1330 4099 1471 4154 ἀνάσσειν
1490 4105 1537 4151 ast.
1573 4102 1638 4152 884.
1654 4100 1754 4169 Ὀλύμ-

239 4210 305 4244 ,τιον
326 4196 382 4244 aiei
401 4187 481 4260 Ζῆνα
498 4201 516 4243 t.
570 4196 635 4243 880.
661 4189 694 4246 εὐ
711 4198 758 4246 αλλ.
800 4197 862 4247 887.
891 4199 941 4248 καί
960 4196 1004 4247 θν.
1020 4201 1054 4246 οἱ.
1076 4202 1142 4254 (non
1159 4202 1193 4253 λ)
1239 4197 1304 4245 880.
1327 4192 1465 4259 τάξασθαι
1489 4199 1523 4246 al.
1558 4193 1714 4260 τεύξασθαι
1735 4207 1753 4247 ι.

239 4288 420 4355 όολοφρένας
439 4291 464 4337 ολ
520 4287 584 4336 800.
615 4288 773 4342 ἐσκάτθετο
790 4293 836 4340 πίε.
855 4295 922 4348 (non
939 4305 963 4339 v.
983 4291 1060 4346 800.)
1101 4290 1166 4341 800.
1189 4287 1361 4357 ἐφρασάτην
1379 4296 1397 4338 t.
1416 4291 1502 4340 Wolf.
1550 4290 1615 4339 800.
1639 4290 1755 4361 πρώτην

240 4382 294 4444 μέν
312 4377 368 4448 γὰρ
383 4383 429 4429 ait.
460 4380 575 4453 πρώτην
591 4383 645 4447 μὲν
664 4385 723 4432 Bas.
746 4384 828 4434 1544.
848 4384 989 4460 Heynaxg.
1026 4384 1094 4433 808.
1111 4380 1272 4447 τεύξασθαι
1292 4388 1311 4433 t.
1339 4385 1389 4439 (Ut
1409 4396 1470 4443 αυτ,
1488 4386 1538 4436 ai.)
1574 4383 1637 4431 000.
1657 4384 1756 4454 φράσ-

241 4490 314 4525 σατο
327 4482 344 4524 t.
362 4477 491 4532 (υσυαλ.)
510 4473 590 4538 ὥςοὶ
606 4475 835 4547 συμφράσσαιτο
853 4477 973 4529 calenus
992 4480 1068 4541 prob.
1090 4479 1177 4528 Herm.
1224 4475 1287 4525 000.
1313 4471 1513 4547 ὐραίουσιολτ.
1533 4476 1607 4547 κατὰ,
1622 4478 1755 4540 θνητοῖσι

239 4569 285 4614 alt.
329 4566 393 4616 000.
417 4566 527 4619 δίδουσι
550 4573 583 4618 ai.
625 4568 689 4617 000.
718 4567 844 4636 ῗόγλαίην
866 4573 916 4622 καί
932 4574 978 4621 αλλ
