4414 5468
880 238 1112 313 ..23-

468 407 600 475 πάντιιν
620 408 655 469 ἐν
674 405 856 489 στήθεσσιν
874 401 989 486 ἀέξετο
1008 406 1122 489 θυμὸς
1141 405 1285 488 ἀγήνωρ.

467 522 514 600 ιὺς
534 522 652 602 νέκταρ
672 518 706 583 δ’
726 518 893 586 ἐπάσαντο
913 519 971 584 καί
988 518 1181 605 ἀμβροσίην
1195 520 1381 603 ἐρατεινὴν,

471 634 512 717 δή
531 634 603 702 τότε
623 636 693 714 τοῖς
712 634 862 720 μετέειπε
882 634 994 717 πατὴρ
1013 630 1145 717 ἀνδρῶν
1164 655 1198 699 τε
1215 636 1305 700 θεῶν
1324 653 1374 699 τε·

544 748 694 813 Κέκλυτέ
714 771 794 832 μευ,
816 749 925 830 Γαίης
944 771 977 813 τε
996 750 1056 814 καί
1075 748 1233 832 Οὐρανοῦ
1251 747 1360 831 ἀγλαὰ
1381 751 1492 827 τέκνα,

470 865 557 946 ὄφρ’
578 867 678 938 εἴπω,
698 862 737 929 τά
757 885 800 946 με
818 863 932 947 θυμὸς
951 863 1001 927 ἐνί
1021 864 1185 946 στῆθεσσι
1204 862 1343 929 κελεύει.
1555 870 1610 931 065

471 976 537 1062 ἤδη
557 979 620 1060 γὰρ
640 977 733 1061 μάλα
753 974 858 1059 δηρόν
877 978 1019 1043 ἐναντίοι
1039 977 1233 1061 ἀλλῆλοισιν

473 1094 568 1174 νίκης
588 1094 647 1156 καὶ
666 1091 809 1174 κράτεος
827 1093 907 1177 πέρι
926 1093 1123 1178 μαρνάμεθ’
1142 1092 1257 1177 ἤματα
1276 1091 1385 1158 πάντα

476 1209 615 1288 Τιτῆνές
636 1229 670 1271 τε
688 1207 763 1273 θεοί
782 1206 841 1272 καί
860 1203 937 1273 ὅσοι
956 1208 1099 1291 Κρόνου
1116 1206 1353 1291 ἐκγενόμεσθα.

474 1323 571 1402 ὑμεῖς
591 1319 627 1385 δὲ
646 1320 794 1407 μεγάλην
814 1344 848 1386 τε
868 1321 945 1403 βίην
964 1323 1022 1386 καὶ
1040 1323 1163 1407 χεῖρας
1183 1320 1334 1400 ἀάπτους

473 1438 606 1517 φαίνετε
630 1435 827 1521 Τιτήνεσσιν
848 1437 990 1503 ἐναντίοι
1007 1439 1043 1502 ἐν
1061 1435 1121 1501 δαίΙ
1136 1438 1259 1520 λυγρῇ,

475 1551 683 1635 μνησάμενοι
702 1550 882 1631 φιλότητος
902 1552 1031 1633 ἐνηέος,
1051 1548 1139 1617 ὅσσα
1159 1551 1328 1631 παθόντες

474 1669 509 1743 ἐς
530 1664 621 1745 φάος
641 1666 694 1745 ἀψ
714 1666 881 1746 ἀφίκεσθε
900 1664 1102 1752 δυσηλεγέος
1122 1666 1189 1732 ἀπὸ
1210 1664 1349 1750 δεσμοί,

477 1781 642 1863 ἡμετέρας
660 1778 716 1844 διά
735 1780 863 1860 βουλάς
884 1780 950 1847 ὑπό
972 1780 1080 1862 ζόφου
1096 1779 1283 1864 ἠερόεντος.

544 1893 612 1972 Ὣς
632 1895 737 1975 φάτο·
757 1896 813 1961 τόν
832 1892 854 1958 δ
858 1899 864 1921 ’
884 1891 1019 1977 ἐξαῦτις
1038 1895 1192 1979 ἀμείβετο
1211 1895 1342 1974 Κόττος
1361 1895 1521 1993 ἀμύμων]

478 2009 637 2091 δαιμόνι’,
657 2008 721 2075 οὑκ
738 2007 869 2090 ἀδάητα
888 2009 1095 2090 πιφάσκεαι·
1115 2010 1202 2076 ἀλλά
1222 2015 1281 2073 καί
1301 2011 1398 2078 αὑτοὶ
1560 2020 1615 2079 055

477 2122 585 2205 ἴδμεν,
604 2124 624 2189 ό
643 2147 693 2188 τοι
713 2124 792 2205 περὶ
810 2124 872 2207 μὲν
890 2121 1075 2204 πραπίδες,
1093 2124 1173 2207 περὶ
1192 2122 1225 2187 δ’
1245 2127 1315 2189 ἐστὶ
1335 2125 1462 2211 νόημα,

479 2240 605 2323 ἀλκτήρ
625 2236 659 2302 δ’
679 2237 898 2305 ἀθανάτοισιν
918 2238 1006 2322 ἀρῆς
1026 2238 1116 2324 γένεο
1136 2241 1310 2321 κρυεροῖο·

480 2358 560 2438 σῇσι
579 2352 610 2416 δ’
633 2353 902 2436 ἐπιφροσύνῃσιν
927 2354 995 2420 ὑπὸ
1022 2351 1130 2434 ζόφου
1156 2352 1332 2437 ἠερόεντος

478 2469 637 2550 άψοῤῥον
657 2467 691 2532 δ’
713 2464 848 2549 ἐξαύτις
868 2468 1067 2553 ἀμειλίκτων
1085 2465 1153 2535 ἀπό
1173 2465 1307 2550 δεσμῶν

481 2585 666 2669 ἠλύθομεν,
684 2582 824 2664 Κρόνου
844 2583 896 2646 υὶὲ
916 2579 1017 2664 ἄναξ,
1037 2580 1207 2649 ἀνάελπτα
1225 2583 1403 2663 παθόντες.
1561 2594 1618 2654 060

481 2706 521 2778 τῴ
543 2699 601 2762 καί
621 2702 679 2763 νῦν
697 2697 808 2763 ἀτενεῖ
820 2717 854 2760 τε
874 2695 937 2777 νόῳ
958 2697 1018 2761 καί
1035 2698 1195 2779 ἐπίφρονι
1213 2701 1319 2782 βουλῇ

479 2813 657 2896 ῥυσόμεθα
676 2811 802 2892 κράτος
823 2811 912 2893 ὑμὸν
930 2813 965 2875 ἐν
984 2812 1061 2895 αίνῆ
1080 2810 1246 2895 δηϊοτῆτι,

479 2928 688 3012 μαρνάμενοι
710 2928 851 3010 Τιτῆσιν
869 2926 934 2991 ἀνά
954 2926 1122 3009 κρατερὰς
1141 2928 1299 3013 ὑσμίνας.

548 3041 616 3120 Ὣς
637 3042 737 3122 φάτ’·
759 3042 931 3125 ἐπῄνησαν
950 3037 987 3104 δέ
1007 3043 1097 3114 θεοί,
1116 3039 1264 3124 δωτῆρες
1283 3042 1383 3115 ἐάων,

482 3161 593 3241 μόθον
608 3156 831 3236 ἀκούσαντες·
852 3153 1004 3239 πολέμου
1022 3152 1059 3217 δὲ
1078 3154 1221 3222 λιλαίετο
1240 3157 1354 3239 θυμός
1563 3167 1619 3227 665

482 3275 609 3353 μᾶλλον
628 3273 677 3336 ἔτ’
694 3272 717 3353 ἠ
737 3269 939 3352 τοπάροιθε·
961 3266 1079 3353 μάχην
1099 3265 1133 3332 δ’
1153 3267 1340 3353 ἀμέγαρτον
1358 3273 1488 3354 ἔγειραν

484 3386 620 3465 πάντες,
639 3384 775 3470 θήλειαί
795 3407 827 3449 τε
847 3384 906 3448 καί
925 3384 1082 3468 ἄρσενες,
1101 3384 1207 3469 ῆματι
1226 3386 1338 3468 κείνῳ,

487 3501 626 3583 Τιτῆνές
646 3524 679 3565 τε
698 3500 773 3567 θεοί
793 3500 851 3565 καὶ
869 3496 946 3566 ὅσοι
964 3498 1105 3580 Κρόνου
1123 3497 1321 3582 ἐξεγένοντο,

483 3615 544 3695 οὑς
565 3639 597 3679 τε
618 3617 705 3693 Ζεὺς
721 3614 939 3697 Ἐρέβευσφιν
960 3614 1026 3680 ὑπὸ
1046 3615 1175 3701 χθονὸς
1194 3608 1256 3700 ἠκε
1276 3614 1426 3697 φόωσδε,

485 3730 586 3795 δεινοί
604 3753 637 3794 τε
657 3729 814 3813 κρατεροί
832 3751 881 3803 τε,
900 3729 977 3810 βίην
993 3729 1184 3812 ὑπέροπλον
1203 3733 1348 3816 ἔχοντες.
1563 3741 1620 3801 670

263 3998 326 4044 660.
354 3997 486 4059 φαίνεται
498 3996 516 4039 t.
536 3992 665 4041 ἐναντίον
677 3994 695 4039 t.
717 3994 752 4040 Μ.
770 4003 794 4052 ρ.
813 3988 875 4038 010.
920 3990 983 4038 666.
1013 3986 1071 4042 ὑπὸ
1092 3991 1116 4040 δ.
1138 3994 1171 4040 εἰ.
1194 3974 1307 4049 (notit.)
1351 3992 1415 4041 666.
1440 3989 1498 4043 ἀπὸ
1519 3999 1541 4059 ζ.
1564 4000 1607 4045 tm.
1630 4002 1696 4055 (non
1718 4003 1767 4056 ni.)

262 4094 297 4139 M,
318 4103 343 4151 p,
360 4087 405 4136 46.
461 4085 524 4131 666.
555 4081 735 4145 πιφαύσκεαι
761 4085 870 4133 [summ
894 4084 983 4133 'fl-ino.
1012 4082 1178 4147 πιφαύσκεο
1206 4085 1291 4136 Pam
1311 4084 1338 4133 2.
1360 4088 1395 4137 Μ.
1416 4100 1441 4148 ρ.
1459 4084 1524 4136 200.
1574 4089 1638 4138 666.
1671 4088 1767 4152 ὅτοι]

262 4186 352 4233 Herm.
371 4184 406 4230 Μ.
424 4194 448 4241 ρ.
470 4177 531 4226 166.
552 4171 599 4228 ὅτι
610 4180 674 4240 alta.
695 4175 763 4228 ἐσσί
780 4175 867 4227 Wolf.
904 4177 968 4226 666.
986 4176 1050 4226 666.
1069 4180 1178 4228 invem
1190 4179 1284 4228 ordine
1296 4177 1423 4233 cantabr.
1439 4192 1465 4242 g.
1502 4180 1565 4231 666.
1586 4183 1657 4255 σῇσι
1669 4180 1696 4235 δ’
1709 4185 1768 4245 ἐπ.]

262 4281 296 4326 εἰ.
314 4274 368 4344 σῇς
380 4269 406 4323 δ’
425 4268 727 4341 ὑπσφραδμοσύνῃσιν
737 4274 780 4319 tm.
796 4269 885 4343 σῇσιν
897 4269 941 4321 ε’π.
961 4284 986 4333 ς.
1007 4267 1065 4324 ἀπὸ
1083 4278 1105 4337 ζ.
1126 4274 1163 4337 λς.
1200 4270 1264 4319 θδδ.
1281 4267 1341 4325 ὑπὸ
1357 4272 1429 4322 δελ
1449 4278 1517 4332 (non
1529 4277 1580 4338 ἐς.)
1616 4276 1680 4325 660.
1699 4275 1771 4346 ἠλύ-

264 4372 356 4435 θομεν
375 4380 409 4416 π.
439 4370 510 4423 (non
534 4368 619 4428 οιες.)
651 4360 790 4416 ἀνάελπτα
814 4365 903 4415 Herm.
935 4362 1050 4437 Κρόνου
1076 4366 1121 4417 υἱέ
1145 4367 1200 4419 Ζεῦ
1227 4360 1357 4419 ἀνάελπτα
1382 4364 1495 4429 (είοΜ
1552 4368 1615 4419 666.
1648 4369 1730 4436 ὑμῶν
1752 4378 1770 4422 t.

266 4461 329 4510 664.
353 4458 427 4512 ἑάπον
453 4461 498 4509 ait
547 4458 609 4506 666.
637 4451 663 4508 δ’
686 4456 825 4510 ἐλιλαίετο
848 4459 912 4520 altu.
967 4458 1030 4508 660,
1065 4457 1142 4511 οὑτε
1167 4472 1191 4509 ε.
1218 4454 1255 4512 ού
1274 4477 1303 4513 τε
1325 4464 1343 4509 Ι.
1369 4456 1539 4532 Ἐρέβεσφιν
1563 4466 1599 4526 λς.
1621 4468 1692 4520 (σου
1718 4467 1791 4545 ελ),

266 4558 365 4603 Μυελτ.
385 4567 410 4614 ρ.
430 4550 474 4599 60.
501 4550 617 4612 φάοσδε
637 4552 671 4599 εἱ.
